@article{peng2016tuneable,
  title={Tuneable on-demand single-photon source in the microwave range},
  author={Peng, ZH and De Graaf, SE and Tsai, JS and Astafiev, OV},
  journal={Nature communications},
  volume={7},
  pages={12588},
  year={2016},
  publisher={Nature Publishing Group}
}

@article{lang2013correlations,
  title={Correlations, indistinguishability and entanglement in Hong--Ou--Mandel experiments at microwave frequencies},
  author={Lang, C and Eichler, C and Steffen, L and Fink, JM and Woolley, MJ and Blais, A and Wallraff, A},
  journal={Nature Physics},
  volume={9},
  number={6},
  pages={345},
  year={2013},
  publisher={Nature Publishing Group}
}


@article{chen2014fabrication,
  title={Fabrication and characterization of aluminum airbridges for superconducting microwave circuits},
  author={ et al, Zijun Chen and John M. Martinis},
  journal={Applied Physics Letters},
  volume={104},
  number={5},
  pages={052602},
  year={2014},
  publisher={AIP}
}

@article{pechal2016superconducting,
  title={Superconducting switch for fast on-chip routing of quantum microwave fields},
  author={Pechal, M and Besse, J-C and Mondal, M and Oppliger, M and Gasparinetti, S and Wallraff, A},
  journal={Physical Review Applied},
  volume={6},
  number={2},
  pages={024009},
  year={2016},
  publisher={APS}
}